%YAML 1.1
%TAG !u! tag:unity3d.com,2011:
--- !u!1 &1837961396
GameObject:
  m_ObjectHideFlags: 0
  m_CorrespondingSourceObject: {fileID: 0}
  m_PrefabInstance: {fileID: 0}
  m_PrefabAsset: {fileID: 0}
  serializedVersion: 6
  m_Component:
  - component: {fileID: 1837961397}
  - component: {fileID: 1837961401}
  - component: {fileID: 1837961400}
  - component: {fileID: 1837961399}
  - component: {fileID: 1837961398}
  m_Layer: 5
  m_Name: BarCanvas
  m_TagString: Untagged
  m_Icon: {fileID: 0}
  m_NavMeshLayer: 0
  m_StaticEditorFlags: 0
  m_IsActive: 1
--- !u!224 &1837961397
RectTransform:
  m_ObjectHideFlags: 0
  m_CorrespondingSourceObject: {fileID: 0}
  m_PrefabInstance: {fileID: 0}
  m_PrefabAsset: {fileID: 0}
  m_GameObject: {fileID: 1837961396}
  m_LocalRotation: {x: 0.7071062, y: -0, z: -0, w: 0.7071074}
  m_LocalPosition: {x: 0, y: 0, z: -0.00000011920929}
  m_LocalScale: {x: 0.39791667, y: 0.39791667, z: 0.39791673}
  m_Children:
  - {fileID: 4130637456666595554}
  - {fileID: 4130637456967726239}
  m_Father: {fileID: 1570776622189583728}
  m_RootOrder: 1
  m_LocalEulerAnglesHint: {x: 90, y: 0, z: 0}
  m_AnchorMin: {x: 0, y: 0}
  m_AnchorMax: {x: 0, y: 0}
  m_AnchoredPosition: {x: 0, y: 0.33857566}
  m_SizeDelta: {x: 10, y: 10}
  m_Pivot: {x: 0.5, y: 0.5}
--- !u!223 &1837961401
Canvas:
  m_ObjectHideFlags: 0
  m_CorrespondingSourceObject: {fileID: 0}
  m_PrefabInstance: {fileID: 0}
  m_PrefabAsset: {fileID: 0}
  m_GameObject: {fileID: 1837961396}
  m_Enabled: 1
  serializedVersion: 3
  m_RenderMode: 2
  m_Camera: {fileID: 0}
  m_PlaneDistance: 100
  m_PixelPerfect: 0
  m_ReceivesEvents: 1
  m_OverrideSorting: 0
  m_OverridePixelPerfect: 0
  m_SortingBucketNormalizedSize: 0
  m_AdditionalShaderChannelsFlag: 0
  m_SortingLayerID: -378827019
  m_SortingOrder: 0
  m_TargetDisplay: 0
--- !u!114 &1837961400
MonoBehaviour:
  m_ObjectHideFlags: 0
  m_CorrespondingSourceObject: {fileID: 0}
  m_PrefabInstance: {fileID: 0}
  m_PrefabAsset: {fileID: 0}
  m_GameObject: {fileID: 1837961396}
  m_Enabled: 1
  m_EditorHideFlags: 0
  m_Script: {fileID: 11500000, guid: 0cd44c1031e13a943bb63640046fad76, type: 3}
  m_Name: 
  m_EditorClassIdentifier: 
  m_UiScaleMode: 1
  m_ReferencePixelsPerUnit: 100
  m_ScaleFactor: 1
  m_ReferenceResolution: {x: 1920, y: 1080}
  m_ScreenMatchMode: 0
  m_MatchWidthOrHeight: 0
  m_PhysicalUnit: 3
  m_FallbackScreenDPI: 96
  m_DefaultSpriteDPI: 96
  m_DynamicPixelsPerUnit: 1
  m_PresetInfoIsWorld: 1
--- !u!114 &1837961399
MonoBehaviour:
  m_ObjectHideFlags: 0
  m_CorrespondingSourceObject: {fileID: 0}
  m_PrefabInstance: {fileID: 0}
  m_PrefabAsset: {fileID: 0}
  m_GameObject: {fileID: 1837961396}
  m_Enabled: 1
  m_EditorHideFlags: 0
  m_Script: {fileID: 11500000, guid: dc42784cf147c0c48a680349fa168899, type: 3}
  m_Name: 
  m_EditorClassIdentifier: 
  m_IgnoreReversedGraphics: 1
  m_BlockingObjects: 0
  m_BlockingMask:
    serializedVersion: 2
    m_Bits: 4294967295
--- !u!114 &1837961398
MonoBehaviour:
  m_ObjectHideFlags: 0
  m_CorrespondingSourceObject: {fileID: 0}
  m_PrefabInstance: {fileID: 0}
  m_PrefabAsset: {fileID: 0}
  m_GameObject: {fileID: 1837961396}
  m_Enabled: 1
  m_EditorHideFlags: 0
  m_Script: {fileID: 11500000, guid: 13444594e7887fe40a2b9d532781d8bc, type: 3}
  m_Name: 
  m_EditorClassIdentifier: 
--- !u!1 &1570776622189583498
GameObject:
  m_ObjectHideFlags: 0
  m_CorrespondingSourceObject: {fileID: 0}
  m_PrefabInstance: {fileID: 0}
  m_PrefabAsset: {fileID: 0}
  serializedVersion: 6
  m_Component:
  - component: {fileID: 1570776622189583728}
  - component: {fileID: 1570776622189583503}
  - component: {fileID: 1570776622189583501}
  m_Layer: 11
  m_Name: Furnace
  m_TagString: Surface
  m_Icon: {fileID: 0}
  m_NavMeshLayer: 0
  m_StaticEditorFlags: 0
  m_IsActive: 1
--- !u!4 &1570776622189583728
Transform:
  m_ObjectHideFlags: 0
  m_CorrespondingSourceObject: {fileID: 0}
  m_PrefabInstance: {fileID: 0}
  m_PrefabAsset: {fileID: 0}
  m_GameObject: {fileID: 1570776622189583498}
  m_LocalRotation: {x: 0, y: 0, z: 0, w: 1}
  m_LocalPosition: {x: 10.45, y: 0.55, z: -0.88}
  m_LocalScale: {x: 1, y: 1, z: 1}
  m_Children:
  - {fileID: 1316806455097626130}
  - {fileID: 1837961397}
  m_Father: {fileID: 0}
  m_RootOrder: 0
  m_LocalEulerAnglesHint: {x: 0, y: 0, z: 0}
--- !u!65 &1570776622189583503
BoxCollider:
  m_ObjectHideFlags: 0
  m_CorrespondingSourceObject: {fileID: 0}
  m_PrefabInstance: {fileID: 0}
  m_PrefabAsset: {fileID: 0}
  m_GameObject: {fileID: 1570776622189583498}
  m_Material: {fileID: 0}
  m_IsTrigger: 0
  m_Enabled: 1
  serializedVersion: 2
  m_Size: {x: 1, y: 1.6771514, z: 1}
  m_Center: {x: 0, y: 0.33857572, z: 0}
--- !u!114 &1570776622189583501
MonoBehaviour:
  m_ObjectHideFlags: 0
  m_CorrespondingSourceObject: {fileID: 0}
  m_PrefabInstance: {fileID: 0}
  m_PrefabAsset: {fileID: 0}
  m_GameObject: {fileID: 1570776622189583498}
  m_Enabled: 1
  m_EditorHideFlags: 0
  m_Script: {fileID: 11500000, guid: 143df100468730b4e9e88e77b7820cbf, type: 3}
  m_Name: 
  m_EditorClassIdentifier: 
  selected: 0
  occupied: 0
  usable: 0
  beingUsed: 0
  onSurface: {fileID: 0}
  offset: 1
  outline: {fileID: 0}
  fuel: 0
  maxFuel: 50
  fuelPerItem: 5
  timer: 0
  furnaceTime: 2
  bar: {fileID: 4130637456666595565}
  fuelBar: {fileID: 4130637456967726224}
  alloy: {fileID: 0}
  furnaced: 0
--- !u!114 &1570776621646639737
MonoBehaviour:
  m_ObjectHideFlags: 0
  m_CorrespondingSourceObject: {fileID: 0}
  m_PrefabInstance: {fileID: 0}
  m_PrefabAsset: {fileID: 0}
  m_GameObject: {fileID: 1805359412747523240}
  m_Enabled: 1
  m_EditorHideFlags: 0
  m_Script: {fileID: 11500000, guid: fbf3575480402db40813e763382412fb, type: 3}
  m_Name: 
  m_EditorClassIdentifier: 
  color: 0
  eraseRenderer: 0
  originalLayer: 0
  originalMaterials: []
--- !u!1001 &1570776620164725389
PrefabInstance:
  m_ObjectHideFlags: 0
  serializedVersion: 2
  m_Modification:
    m_TransformParent: {fileID: 1837961397}
    m_Modifications:
    - target: {fileID: 3215145593779370446, guid: 2cca95fe8402b8a48a8d878da0744d6a, type: 3}
      propertyPath: m_SizeDelta.x
      value: 3
      objectReference: {fileID: 0}
    - target: {fileID: 3215145593779370446, guid: 2cca95fe8402b8a48a8d878da0744d6a, type: 3}
      propertyPath: m_SizeDelta.y
      value: 3
      objectReference: {fileID: 0}
    - target: {fileID: 3215145593779370446, guid: 2cca95fe8402b8a48a8d878da0744d6a, type: 3}
      propertyPath: m_LocalPosition.z
      value: -0
      objectReference: {fileID: 0}
    - target: {fileID: 3215145593779370446, guid: 2cca95fe8402b8a48a8d878da0744d6a, type: 3}
      propertyPath: m_AnchoredPosition.x
      value: 0
      objectReference: {fileID: 0}
    - target: {fileID: 3215145593779370446, guid: 2cca95fe8402b8a48a8d878da0744d6a, type: 3}
      propertyPath: m_AnchoredPosition.y
      value: 0
      objectReference: {fileID: 0}
    - target: {fileID: 3215145593779370447, guid: 2cca95fe8402b8a48a8d878da0744d6a, type: 3}
      propertyPath: m_Sprite
      value: 
      objectReference: {fileID: 21300000, guid: 9c729ff60765ddf48953f54dce8a59cc, type: 3}
    - target: {fileID: 3215145593779370447, guid: 2cca95fe8402b8a48a8d878da0744d6a, type: 3}
      propertyPath: m_Color.a
      value: 1
      objectReference: {fileID: 0}
    - target: {fileID: 3215145593779370447, guid: 2cca95fe8402b8a48a8d878da0744d6a, type: 3}
      propertyPath: m_Color.b
      value: 1
      objectReference: {fileID: 0}
    - target: {fileID: 3215145593779370447, guid: 2cca95fe8402b8a48a8d878da0744d6a, type: 3}
      propertyPath: m_Color.g
      value: 0.5670549
      objectReference: {fileID: 0}
    - target: {fileID: 3215145593779370447, guid: 2cca95fe8402b8a48a8d878da0744d6a, type: 3}
      propertyPath: m_Color.r
      value: 0.28773582
      objectReference: {fileID: 0}
    - target: {fileID: 3215145593779370447, guid: 2cca95fe8402b8a48a8d878da0744d6a, type: 3}
      propertyPath: m_Material
      value: 
      objectReference: {fileID: 0}
    - target: {fileID: 3215145593779370447, guid: 2cca95fe8402b8a48a8d878da0744d6a, type: 3}
      propertyPath: m_FillAmount
      value: 0.75
      objectReference: {fileID: 0}
    - target: {fileID: 3215145593779370447, guid: 2cca95fe8402b8a48a8d878da0744d6a, type: 3}
      propertyPath: m_FillMethod
      value: 4
      objectReference: {fileID: 0}
    - target: {fileID: 3215145593779370447, guid: 2cca95fe8402b8a48a8d878da0744d6a, type: 3}
      propertyPath: m_FillOrigin
      value: 0
      objectReference: {fileID: 0}
    - target: {fileID: 3215145594881560082, guid: 2cca95fe8402b8a48a8d878da0744d6a, type: 3}
      propertyPath: m_Pivot.x
      value: 0.5
      objectReference: {fileID: 0}
    - target: {fileID: 3215145594881560082, guid: 2cca95fe8402b8a48a8d878da0744d6a, type: 3}
      propertyPath: m_Pivot.y
      value: 0.5
      objectReference: {fileID: 0}
    - target: {fileID: 3215145594881560082, guid: 2cca95fe8402b8a48a8d878da0744d6a, type: 3}
      propertyPath: m_RootOrder
      value: 1
      objectReference: {fileID: 0}
    - target: {fileID: 3215145594881560082, guid: 2cca95fe8402b8a48a8d878da0744d6a, type: 3}
      propertyPath: m_AnchorMax.x
      value: 0.5
      objectReference: {fileID: 0}
    - target: {fileID: 3215145594881560082, guid: 2cca95fe8402b8a48a8d878da0744d6a, type: 3}
      propertyPath: m_AnchorMax.y
      value: 0.5
      objectReference: {fileID: 0}
    - target: {fileID: 3215145594881560082, guid: 2cca95fe8402b8a48a8d878da0744d6a, type: 3}
      propertyPath: m_AnchorMin.x
      value: 0.5
      objectReference: {fileID: 0}
    - target: {fileID: 3215145594881560082, guid: 2cca95fe8402b8a48a8d878da0744d6a, type: 3}
      propertyPath: m_AnchorMin.y
      value: 0.5
      objectReference: {fileID: 0}
    - target: {fileID: 3215145594881560082, guid: 2cca95fe8402b8a48a8d878da0744d6a, type: 3}
      propertyPath: m_SizeDelta.x
      value: 100
      objectReference: {fileID: 0}
    - target: {fileID: 3215145594881560082, guid: 2cca95fe8402b8a48a8d878da0744d6a, type: 3}
      propertyPath: m_SizeDelta.y
      value: 100
      objectReference: {fileID: 0}
    - target: {fileID: 3215145594881560082, guid: 2cca95fe8402b8a48a8d878da0744d6a, type: 3}
      propertyPath: m_LocalPosition.x
      value: 0
      objectReference: {fileID: 0}
    - target: {fileID: 3215145594881560082, guid: 2cca95fe8402b8a48a8d878da0744d6a, type: 3}
      propertyPath: m_LocalPosition.y
      value: 0
      objectReference: {fileID: 0}
    - target: {fileID: 3215145594881560082, guid: 2cca95fe8402b8a48a8d878da0744d6a, type: 3}
      propertyPath: m_LocalPosition.z
      value: 0
      objectReference: {fileID: 0}
    - target: {fileID: 3215145594881560082, guid: 2cca95fe8402b8a48a8d878da0744d6a, type: 3}
      propertyPath: m_LocalRotation.w
      value: 0.92387986
      objectReference: {fileID: 0}
    - target: {fileID: 3215145594881560082, guid: 2cca95fe8402b8a48a8d878da0744d6a, type: 3}
      propertyPath: m_LocalRotation.x
      value: 0.000000029802322
      objectReference: {fileID: 0}
    - target: {fileID: 3215145594881560082, guid: 2cca95fe8402b8a48a8d878da0744d6a, type: 3}
      propertyPath: m_LocalRotation.y
      value: 0.00000067055225
      objectReference: {fileID: 0}
    - target: {fileID: 3215145594881560082, guid: 2cca95fe8402b8a48a8d878da0744d6a, type: 3}
      propertyPath: m_LocalRotation.z
      value: -0.3826828
      objectReference: {fileID: 0}
    - target: {fileID: 3215145594881560082, guid: 2cca95fe8402b8a48a8d878da0744d6a, type: 3}
      propertyPath: m_AnchoredPosition.x
      value: 1.27
      objectReference: {fileID: 0}
    - target: {fileID: 3215145594881560082, guid: 2cca95fe8402b8a48a8d878da0744d6a, type: 3}
      propertyPath: m_AnchoredPosition.y
      value: 1.76
      objectReference: {fileID: 0}
    - target: {fileID: 3215145594881560082, guid: 2cca95fe8402b8a48a8d878da0744d6a, type: 3}
      propertyPath: m_LocalEulerAnglesHint.x
      value: 0
      objectReference: {fileID: 0}
    - target: {fileID: 3215145594881560082, guid: 2cca95fe8402b8a48a8d878da0744d6a, type: 3}
      propertyPath: m_LocalEulerAnglesHint.y
      value: 0
      objectReference: {fileID: 0}
    - target: {fileID: 3215145594881560082, guid: 2cca95fe8402b8a48a8d878da0744d6a, type: 3}
      propertyPath: m_LocalEulerAnglesHint.z
      value: -45
      objectReference: {fileID: 0}
    - target: {fileID: 3215145594881560093, guid: 2cca95fe8402b8a48a8d878da0744d6a, type: 3}
      propertyPath: m_Name
      value: Fuel
      objectReference: {fileID: 0}
    - target: {fileID: 3215145594881560093, guid: 2cca95fe8402b8a48a8d878da0744d6a, type: 3}
      propertyPath: m_IsActive
      value: 1
      objectReference: {fileID: 0}
    - target: {fileID: 3215145595285816210, guid: 2cca95fe8402b8a48a8d878da0744d6a, type: 3}
      propertyPath: m_Type
      value: 3
      objectReference: {fileID: 0}
    - target: {fileID: 3215145595285816210, guid: 2cca95fe8402b8a48a8d878da0744d6a, type: 3}
      propertyPath: m_Sprite
      value: 
      objectReference: {fileID: 21300000, guid: 4b870d5c48e9bdf4fb3d268b1c59a0ee, type: 3}
    - target: {fileID: 3215145595285816210, guid: 2cca95fe8402b8a48a8d878da0744d6a, type: 3}
      propertyPath: m_FillAmount
      value: 0.75
      objectReference: {fileID: 0}
    - target: {fileID: 3215145595285816210, guid: 2cca95fe8402b8a48a8d878da0744d6a, type: 3}
      propertyPath: m_FillMethod
      value: 4
      objectReference: {fileID: 0}
    - target: {fileID: 3215145595285816221, guid: 2cca95fe8402b8a48a8d878da0744d6a, type: 3}
      propertyPath: m_SizeDelta.x
      value: 3
      objectReference: {fileID: 0}
    - target: {fileID: 3215145595285816221, guid: 2cca95fe8402b8a48a8d878da0744d6a, type: 3}
      propertyPath: m_SizeDelta.y
      value: 3
      objectReference: {fileID: 0}
    - target: {fileID: 3215145595285816221, guid: 2cca95fe8402b8a48a8d878da0744d6a, type: 3}
      propertyPath: m_LocalPosition.z
      value: 0
      objectReference: {fileID: 0}
    - target: {fileID: 3215145595285816221, guid: 2cca95fe8402b8a48a8d878da0744d6a, type: 3}
      propertyPath: m_AnchoredPosition.x
      value: 0
      objectReference: {fileID: 0}
    - target: {fileID: 3215145595285816221, guid: 2cca95fe8402b8a48a8d878da0744d6a, type: 3}
      propertyPath: m_AnchoredPosition.y
      value: 0
      objectReference: {fileID: 0}
    m_RemovedComponents: []
  m_SourcePrefab: {fileID: 100100000, guid: 2cca95fe8402b8a48a8d878da0744d6a, type: 3}
--- !u!1 &4130637456967726224 stripped
GameObject:
  m_CorrespondingSourceObject: {fileID: 3215145594881560093, guid: 2cca95fe8402b8a48a8d878da0744d6a, type: 3}
  m_PrefabInstance: {fileID: 1570776620164725389}
  m_PrefabAsset: {fileID: 0}
--- !u!224 &4130637456967726239 stripped
RectTransform:
  m_CorrespondingSourceObject: {fileID: 3215145594881560082, guid: 2cca95fe8402b8a48a8d878da0744d6a, type: 3}
  m_PrefabInstance: {fileID: 1570776620164725389}
  m_PrefabAsset: {fileID: 0}
--- !u!1001 &1570776622013538032
PrefabInstance:
  m_ObjectHideFlags: 0
  serializedVersion: 2
  m_Modification:
    m_TransformParent: {fileID: 1837961397}
    m_Modifications:
    - target: {fileID: 3215145593779370447, guid: 2cca95fe8402b8a48a8d878da0744d6a, type: 3}
      propertyPath: m_FillAmount
      value: 1
      objectReference: {fileID: 0}
    - target: {fileID: 3215145594881560082, guid: 2cca95fe8402b8a48a8d878da0744d6a, type: 3}
      propertyPath: m_Pivot.x
      value: 0.5
      objectReference: {fileID: 0}
    - target: {fileID: 3215145594881560082, guid: 2cca95fe8402b8a48a8d878da0744d6a, type: 3}
      propertyPath: m_Pivot.y
      value: 0.5
      objectReference: {fileID: 0}
    - target: {fileID: 3215145594881560082, guid: 2cca95fe8402b8a48a8d878da0744d6a, type: 3}
      propertyPath: m_RootOrder
      value: 0
      objectReference: {fileID: 0}
    - target: {fileID: 3215145594881560082, guid: 2cca95fe8402b8a48a8d878da0744d6a, type: 3}
      propertyPath: m_AnchorMax.x
      value: 0.5
      objectReference: {fileID: 0}
    - target: {fileID: 3215145594881560082, guid: 2cca95fe8402b8a48a8d878da0744d6a, type: 3}
      propertyPath: m_AnchorMax.y
      value: 0.5
      objectReference: {fileID: 0}
    - target: {fileID: 3215145594881560082, guid: 2cca95fe8402b8a48a8d878da0744d6a, type: 3}
      propertyPath: m_AnchorMin.x
      value: 0.5
      objectReference: {fileID: 0}
    - target: {fileID: 3215145594881560082, guid: 2cca95fe8402b8a48a8d878da0744d6a, type: 3}
      propertyPath: m_AnchorMin.y
      value: 0.5
      objectReference: {fileID: 0}
    - target: {fileID: 3215145594881560082, guid: 2cca95fe8402b8a48a8d878da0744d6a, type: 3}
      propertyPath: m_SizeDelta.x
      value: 100
      objectReference: {fileID: 0}
    - target: {fileID: 3215145594881560082, guid: 2cca95fe8402b8a48a8d878da0744d6a, type: 3}
      propertyPath: m_SizeDelta.y
      value: 100
      objectReference: {fileID: 0}
    - target: {fileID: 3215145594881560082, guid: 2cca95fe8402b8a48a8d878da0744d6a, type: 3}
      propertyPath: m_LocalPosition.x
      value: 0
      objectReference: {fileID: 0}
    - target: {fileID: 3215145594881560082, guid: 2cca95fe8402b8a48a8d878da0744d6a, type: 3}
      propertyPath: m_LocalPosition.y
      value: 0
      objectReference: {fileID: 0}
    - target: {fileID: 3215145594881560082, guid: 2cca95fe8402b8a48a8d878da0744d6a, type: 3}
      propertyPath: m_LocalPosition.z
      value: -0
      objectReference: {fileID: 0}
    - target: {fileID: 3215145594881560082, guid: 2cca95fe8402b8a48a8d878da0744d6a, type: 3}
      propertyPath: m_LocalRotation.w
      value: 1
      objectReference: {fileID: 0}
    - target: {fileID: 3215145594881560082, guid: 2cca95fe8402b8a48a8d878da0744d6a, type: 3}
      propertyPath: m_LocalRotation.x
      value: 0
      objectReference: {fileID: 0}
    - target: {fileID: 3215145594881560082, guid: 2cca95fe8402b8a48a8d878da0744d6a, type: 3}
      propertyPath: m_LocalRotation.y
      value: 0
      objectReference: {fileID: 0}
    - target: {fileID: 3215145594881560082, guid: 2cca95fe8402b8a48a8d878da0744d6a, type: 3}
      propertyPath: m_LocalRotation.z
      value: 0
      objectReference: {fileID: 0}
    - target: {fileID: 3215145594881560082, guid: 2cca95fe8402b8a48a8d878da0744d6a, type: 3}
      propertyPath: m_AnchoredPosition.x
      value: 1.22
      objectReference: {fileID: 0}
    - target: {fileID: 3215145594881560082, guid: 2cca95fe8402b8a48a8d878da0744d6a, type: 3}
      propertyPath: m_AnchoredPosition.y
      value: -0.02
      objectReference: {fileID: 0}
    - target: {fileID: 3215145594881560082, guid: 2cca95fe8402b8a48a8d878da0744d6a, type: 3}
      propertyPath: m_LocalEulerAnglesHint.x
      value: 0
      objectReference: {fileID: 0}
    - target: {fileID: 3215145594881560082, guid: 2cca95fe8402b8a48a8d878da0744d6a, type: 3}
      propertyPath: m_LocalEulerAnglesHint.y
      value: 0
      objectReference: {fileID: 0}
    - target: {fileID: 3215145594881560082, guid: 2cca95fe8402b8a48a8d878da0744d6a, type: 3}
      propertyPath: m_LocalEulerAnglesHint.z
      value: 0
      objectReference: {fileID: 0}
    - target: {fileID: 3215145594881560093, guid: 2cca95fe8402b8a48a8d878da0744d6a, type: 3}
      propertyPath: m_Name
      value: Bar
      objectReference: {fileID: 0}
    - target: {fileID: 3215145594881560093, guid: 2cca95fe8402b8a48a8d878da0744d6a, type: 3}
      propertyPath: m_IsActive
      value: 0
      objectReference: {fileID: 0}
    m_RemovedComponents: []
  m_SourcePrefab: {fileID: 100100000, guid: 2cca95fe8402b8a48a8d878da0744d6a, type: 3}
--- !u!1 &4130637456666595565 stripped
GameObject:
  m_CorrespondingSourceObject: {fileID: 3215145594881560093, guid: 2cca95fe8402b8a48a8d878da0744d6a, type: 3}
  m_PrefabInstance: {fileID: 1570776622013538032}
  m_PrefabAsset: {fileID: 0}
--- !u!224 &4130637456666595554 stripped
RectTransform:
  m_CorrespondingSourceObject: {fileID: 3215145594881560082, guid: 2cca95fe8402b8a48a8d878da0744d6a, type: 3}
  m_PrefabInstance: {fileID: 1570776622013538032}
  m_PrefabAsset: {fileID: 0}
--- !u!1001 &1570776622216538617
PrefabInstance:
  m_ObjectHideFlags: 0
  serializedVersion: 2
  m_Modification:
    m_TransformParent: {fileID: 1570776622189583728}
    m_Modifications:
    - target: {fileID: -8679921383154817045, guid: 3f229c8cbbb654b4c8496c5db2ce89db, type: 3}
      propertyPath: m_RootOrder
      value: 0
      objectReference: {fileID: 0}
    - target: {fileID: -8679921383154817045, guid: 3f229c8cbbb654b4c8496c5db2ce89db, type: 3}
      propertyPath: m_LocalScale.x
      value: 1.774635
      objectReference: {fileID: 0}
    - target: {fileID: -8679921383154817045, guid: 3f229c8cbbb654b4c8496c5db2ce89db, type: 3}
      propertyPath: m_LocalScale.y
      value: 1.774635
      objectReference: {fileID: 0}
    - target: {fileID: -8679921383154817045, guid: 3f229c8cbbb654b4c8496c5db2ce89db, type: 3}
      propertyPath: m_LocalScale.z
      value: 1.774635
      objectReference: {fileID: 0}
    - target: {fileID: -8679921383154817045, guid: 3f229c8cbbb654b4c8496c5db2ce89db, type: 3}
      propertyPath: m_LocalPosition.x
      value: -0.6879997
      objectReference: {fileID: 0}
    - target: {fileID: -8679921383154817045, guid: 3f229c8cbbb654b4c8496c5db2ce89db, type: 3}
      propertyPath: m_LocalPosition.y
      value: -0.59000003
      objectReference: {fileID: 0}
    - target: {fileID: -8679921383154817045, guid: 3f229c8cbbb654b4c8496c5db2ce89db, type: 3}
      propertyPath: m_LocalPosition.z
      value: 0.652
      objectReference: {fileID: 0}
    - target: {fileID: -8679921383154817045, guid: 3f229c8cbbb654b4c8496c5db2ce89db, type: 3}
      propertyPath: m_LocalRotation.w
      value: 0.5
      objectReference: {fileID: 0}
    - target: {fileID: -8679921383154817045, guid: 3f229c8cbbb654b4c8496c5db2ce89db, type: 3}
      propertyPath: m_LocalRotation.x
      value: -0.5
      objectReference: {fileID: 0}
    - target: {fileID: -8679921383154817045, guid: 3f229c8cbbb654b4c8496c5db2ce89db, type: 3}
      propertyPath: m_LocalRotation.y
      value: -0.5
      objectReference: {fileID: 0}
    - target: {fileID: -8679921383154817045, guid: 3f229c8cbbb654b4c8496c5db2ce89db, type: 3}
      propertyPath: m_LocalRotation.z
      value: -0.5
      objectReference: {fileID: 0}
    - target: {fileID: -8679921383154817045, guid: 3f229c8cbbb654b4c8496c5db2ce89db, type: 3}
      propertyPath: m_LocalEulerAnglesHint.x
      value: -90
      objectReference: {fileID: 0}
    - target: {fileID: -8679921383154817045, guid: 3f229c8cbbb654b4c8496c5db2ce89db, type: 3}
      propertyPath: m_LocalEulerAnglesHint.y
      value: -90
      objectReference: {fileID: 0}
    - target: {fileID: -8679921383154817045, guid: 3f229c8cbbb654b4c8496c5db2ce89db, type: 3}
      propertyPath: m_LocalEulerAnglesHint.z
      value: 0
      objectReference: {fileID: 0}
    - target: {fileID: -7511558181221131132, guid: 3f229c8cbbb654b4c8496c5db2ce89db, type: 3}
      propertyPath: m_Materials.Array.size
      value: 1
      objectReference: {fileID: 0}
    - target: {fileID: -7511558181221131132, guid: 3f229c8cbbb654b4c8496c5db2ce89db, type: 3}
      propertyPath: m_Materials.Array.data[0]
      value: 
      objectReference: {fileID: 2100000, guid: 6ec9a576d6813e44480dcee9ee775e62, type: 2}
    - target: {fileID: -7511558181221131132, guid: 3f229c8cbbb654b4c8496c5db2ce89db, type: 3}
      propertyPath: m_Materials.Array.data[1]
      value: 
      objectReference: {fileID: 0}
    - target: {fileID: 919132149155446097, guid: 3f229c8cbbb654b4c8496c5db2ce89db, type: 3}
      propertyPath: m_Name
      value: Forja
      objectReference: {fileID: 0}
    m_RemovedComponents: []
  m_SourcePrefab: {fileID: 100100000, guid: 3f229c8cbbb654b4c8496c5db2ce89db, type: 3}
--- !u!1 &1805359412747523240 stripped
GameObject:
  m_CorrespondingSourceObject: {fileID: 919132149155446097, guid: 3f229c8cbbb654b4c8496c5db2ce89db, type: 3}
  m_PrefabInstance: {fileID: 1570776622216538617}
  m_PrefabAsset: {fileID: 0}
--- !u!4 &1316806455097626130 stripped
Transform:
  m_CorrespondingSourceObject: {fileID: -8679921383154817045, guid: 3f229c8cbbb654b4c8496c5db2ce89db, type: 3}
  m_PrefabInstance: {fileID: 1570776622216538617}
  m_PrefabAsset: {fileID: 0}
